@article{deOliveira2021,
  title={Identifying Fake News on Social Networks Based on Natural Language Processing: Trends and Challenges},
  author={de Oliveira, Nicollas R. and Pisa, Pedro S. and Lopez, Martin Andreoni and de Medeiros, Dianne Scherly V. and Mattos, Diogo M. F.},
  journal={Information},
  volume={12},
  number={1},
  year={2021},
  doi = {10.3390/info12010038}
}

@article{article,
author = {Tandoc, Edson and Lim, Zheng and Ling, Rich},
year = {2017},
month = {08},
pages = {1-17},
title = {Defining “Fake News”: A typology of scholarly definitions},
volume = {6},
journal = {Digital Journalism},
doi = {10.1080/21670811.2017.1360143}
}

@book{Roozenbeek2024Psychology,
author = {Roozenbeek, Jon and van der Linden, Sander},
title = {The Psychology of Misinformation},
publisher = {Cambridge University Press},
year = {2024},
series = {Contemporary Social Issues Series},
place = {Cambridge},
}

@article{info15120742,
author = {Tătaru, George-Cristian and Domenteanu, Adrian and Delcea, Camelia and Florescu, Margareta Stela and Orzan, Mihai and Cotfas, Liviu-Adrian},
title = {Navigating the Disinformation Maze: A Bibliometric Analysis of Scholarly Efforts},
journal = {Information},
volume = {15},
year = {2024},
number = {12},
doi = {10.3390/info15120742}
}

@article{allcott2017social,
author = {Allcott, Hunt and Gentzkow, Matthew},
title = {Social Media and Fake News in the 2016 Election},
journal = {Journal of Economic Perspectives},
volume = {31},
number = {2},
year = {2017},
pages = {211-236},
doi = {10.1257/jep.31.2.211},
}

@inbook{orlando2023posttruth,
  author= {Orlando, Vittorio},
  editor = {Conrad, Maximilian and H{\'a}lfdanarson, Guðmundur and Michailidou, Asimina and Galpin, Charlotte and Pyrh{\"o}nen, Niko},
  title = {Post-Truth Politics, Brexit, and European Disintegration},
  booktitle = {Europe in the Age of Post-Truth Politics: Populism, Disinformation and the Public Sphere},
  year  = {2023},
  publisher = {Springer International Publishing},
  address   = {Cham},
  pages  = {103-127},
  doi = {10.1007/978-3-031-13694-8_6},
}

@article{ferreira2022impact,
  author  = {Ferreira, Carlos and Ferreira, Vivian and Bandeira, Rebeca and Ferreira, Luisa},
  title   = {The Impact of Misinformation on the COVID-19 Pandemic},
  journal = {AIMS Public Health},
  volume  = {9},
  number  = {2},
  pages   = {262-277},
  year   = {2022},
  doi  = {10.3934/publichealth.2022018},
}

@article{polu2024ai,
  author  = {Polu, Omkar Reddy},
  title   = {AI-Based Fake News Detection Using NLP},
  journal = {International Journal of Artificial Intelligence \& Machine Learning},
  volume  = {3},
  number  = {2},
  pages   = {231-239},
  year   = {2024},
  doi    = {10.34218/IJAIML_03_02_019},
}

@article{repede2023comparison,
  author  = {Repede, \c{S}tefan Emil and Brad, Remus},
  title   = {A Comparison of Artificial Intelligence Models Used for Fake News Detection},
  journal = {Bulletin of “Carol I” National Defence University},
  volume  = {12},
  number  = {1},
  pages   = {114-131},
  year   = {2023},
  doi   = {10.53477/2284-9378-23-10},
}

@article{alotaibi2022rule,
  author    = {Alotaibi, Fatimah L. and Alhammad, Muna M.},
  title     = {Using a Rule-Based Model to Detect Arabic Fake News Propagation during COVID-19},
  journal   = {International Journal of Advanced Computer Science and Applications},
  volume    = {13},
  number    = {1},
  year      = {2022},
  publisher = {The Science and Information Organization},
  doi       = {10.14569/IJACSA.2022.0130114},
}

@article{yuliani2019framework,
  author    = {Yuliani, S.Y. and Abdollah, Mohd Faizal Bin and Sahib, Shahrin and Wijaya, Yunus Supriadi},
  title  = {A Framework for Hoax News Detection and Analyzer Used Rule-Based Methods},
  journal   = {International Journal of Advanced Computer Science and Applications},
  volume    = {10},
  number    = {10},
  year   = {2019},
  publisher = {The Science and Information Organization},
  doi    = {10.14569/IJACSA.2019.0101055},
}

@misc{pittman2025truthtextmetaanalysismlbased,
      title={Truth in Text: A Meta-Analysis of ML-Based Cyber Information Influence Detection Approaches}, 
      author={Pittman, Jason M.},
      year={2025},
      eprint={2503.22686},
      archivePrefix={arXiv},
      primaryClass={cs.CR},
      note={\url{https://arxiv.org/abs/2503.22686}. Accessed: 2025-06-17}, 
}

@article{Sudhakar2022Prediction,
  author  = {Sudhakar, M. and Kaliyamurthie, K.P.},
  title   = {Effective Prediction of Fake News Using Two Machine Learning Algorithms},
  journal = {Measurement: Sensors},
  volume  = {24},
  pages   = {100495},
  year    = {2022},
  doi     = {10.1016/j.measen.2022.100495},
}

@article{Nasir2021Hybrid,
  author  = {Nasir, Jamal Abdul and Khan, Osama Subhani and Varlamis, Iraklis},
  title   = {Fake News Detection: A Hybrid CNN-RNN Based Deep Learning Approach},
  journal = {International Journal of Information Management Data Insights},
  volume  = {1},
  number  = {1},
  pages   = {100007},
  year    = {2021},
  doi     = {10.1016/j.jjimei.2020.100007},
}

@article{Albahar2021Hybrid,
  author  = {Albahar, Marwan},
  title   = {A Hybrid Model for Fake News Detection: Leveraging News Content and User Comments in Fake News},
  journal = {IET Information Security},
  volume  = {15},
  number  = {2},
  pages   = {169-177},
  year    = {2021},
  doi     = {10.1049/ise2.12021},
}

@article{au2022role,
  author = {Au, Cheuk Hang and Ho, Kevin K. W. and Chiu, Dickson K. W.},
  title = {The Role of Online Misinformation and Fake News in Ideological Polarization: Barriers, Catalysts, and Implications},
  journal = {Information Systems Frontiers},
  volume = {24},
  number = {4},
  pages = {1331-1354},
  year = {2022},
  doi = {10.1007/s10796-021-10133-9},
}

@article{2016pizzagate,
  author  = {Lipton, Eric },
  title   = {Man Motivated by ‘Pizzagate’ Conspiracy Theory Arrested in Washington Gunfire},
  journal = {The New York Times},
  year    = {2016},
  month   = {December},
  day     = {05},
  note    = {\url{https://www.nytimes.com/2016/12/05/us/pizzagate-comet-ping-pong-edgar-maddison-welch.html?_r=0}. Accessed: 2025-06-16},
}

@misc{universaldependencies,
  author  = {universaldependencies.org},
  title   = {Universal POS tags},
  year    = {n.d.},
  note    = {\url{https://universaldependencies.org/u/pos/}. Accessed: 2025-06-16},
}

@article{emotions,
  author = {Mohammad, Saif M.  and Turney, Peter D.} ,
  title = {Crowdsourcing a Word–Emotion Association Lexicon},
  journal = {Computational Intelligence},
  volume = {29},
  number = {3},
  pages = {436-465},
  year = {2013},
  doi = {10.1111/j.1467-8640.2012.00460.x},
}

@misc{NRClex,
  author  = {Bailey, Mark},
  title   = {NRC lexicon},
  year  = {n.d.},
  note    = {\url{https://github.com/DemetersSon83/NRCLex/blob/master/nrc_en.json}. Accessed: 2025-06-17},
}

@article{flesch,
  author  = {Flesch, Rudolf},
  title   = {A New Readability Yardstick},
  journal = {Journal of Applied Psychology},
  volume  = {32},
  number  = {3},
  pages   = {221-233},
  year    = {1948},
  doi     = {10.1037/h0057532},
}


@book{chall1995readability,
  author    = {Chall, Jeanne S. and Dale, Edgar},
  title     = {Readability Revisited: The New Dale--Chall Readability Formula},
  publisher = {Brookline Books},
  address   = {Cambridge, MA},
  year      = {1995},
  pages     = {149},
  isbn      = {1571290087},
}

@misc{textstat,
  author = {Bansal, Shivam},
  title = {textstat},
 year = {n.d.},
  note  = {\url{https://github.com/textstat/textstat}. Accessed: 2025-06-17},
}

@misc{ltp,
  author = {Morris, Jack},
  title = {language-tool-python},
 year = {n.d.},
  note  = {\url{https://github.com/jxmorris12/language_tool_python}. Accessed: 2025-06-17},
}

@misc{spaCy,
  author  = {Honnibal, Matthew and Montani, Ines and Van Landeghem, Sofie and Boyd, Adriane},
  title   = {spaCy: Industrial-strength Natural Language Processing in Python},
  year    = {2020},
  doi     = {10.5281/zenodo.1212303},
}

@article{scikit-learn,
  author  = {Pedregosa, Fabian and Varoquaux, Gaël and Gramfort, Alexandre and Michel, Vincent and Thirion, Bertrand and Grisel, Olivier and Blondel, Mathieu and Prettenhofer, Peter and Weiss, Ron and Dubourg, Vincent and Vanderplas, Jake and Passos, Alexandre and Cournapeau, David and Brucher, Matthieu and Perrot, Matthieu and Duchesnay, Édouard},
  title   = {Scikit-learn: Machine Learning in Python},
  journal = {Journal of Machine Learning Research},
  volume  = {12},
  pages   = {2825-2830},
  year    = {2011},
}

@inproceedings{Pandas,
  author    = {McKinney, Wes},
  title     = {Data Structures for Statistical Computing in Python},
  booktitle = {Proceedings of the 9th Python in Science Conference},
  pages     = {56-61},
  year = {2010},
  editor    = {van der Walt, St{\'e}fan and Millman, Jarrod},
  doi  = {10.25080/Majora-92bf1922-00a},
}

@article{boruta1,
 title={Feature Selection with the Boruta Package},
 volume={36},
 doi={10.18637/jss.v036.i11},
 number={11},
 journal={Journal of Statistical Software},
 author={Kursa, Miron B. and Rudnicki, Witold R.},
 year={2010},
 pages={1–13},
}

@misc{boruta2,
  author= {Daniel Homola},
  title  = {BorutaPy: An all relevant feature selection method for Python},
  year   = {n.d.},
  note = {\url{https://github.com/scikit-learn-contrib/boruta_py}. Accessed: 2024-06-17},
}

@book{NLTK,
author = {Bird, Steven and Klein, Ewan and Loper, Edward},
title = {Natural Language Processing with Python},
year = {2009},
isbn = {0596516495},
publisher = {O'Reilly Media, Inc.},
edition = {1st},
}

@techreport{senter_smith_1967,
  author   = {Senter, Ross J. and Smith, Edward A.},
  title  = {Automated Readability Index},
  institution  = {Aerospace Medical Research Laboratories, U.S. Air Force},
  type  = {Technical Report},
  number       = {AMRL-TR-6620},
  address     = {Wright-Patterson Air Force Base, OH},
  month   = nov,
  year   = {1967},
  pages  = {1-14},
}

@misc{gatse,
  author= {James Temple},
  title  = {A stealth effort to bury wood for carbon removal has just raised millions},
  year   = {2022},
  note = {\url{https://www.technologyreview.com/2022/12/15/1065016/a-stealth-effort-to-bury-wood-for-carbon-removal-has-just-raised-millions/}. Accessed: 2024-06-23},
}

@techreport{radford2018improving,
  title={Improving Language Understanding by Generative Pre-Training},
  author={Radford, Alec and Narasimhan, Karthik and Salimans, Tim and Sutskever, Ilya},
  institution={OpenAI},
  year={2018},
  note={\url{https://cdn.openai.com/research-covers/language-unsupervised/language_understanding_paper.pdf}. Accessed: 2024-06-23}
}

@misc{liu2019robertarobustlyoptimizedbert,
      title={RoBERTa: A Robustly Optimized BERT Pretraining Approach}, 
      author={Yinhan Liu and Myle Ott and Naman Goyal and Jingfei Du and Mandar Joshi and Danqi Chen and Omer Levy and Mike Lewis and Luke Zettlemoyer and Veselin Stoyanov},
      year={2019},
      eprint={1907.11692},
      archivePrefix={arXiv},
      note = {\url{https://arxiv.org/abs/1907.11692} Accessed: 2024-06-23}, 
}

@inproceedings{devlin-etal-2019-bert,
    title = "{BERT}: Pre-training of Deep Bidirectional Transformers for Language Understanding",
    author = "Devlin, Jacob  and
      Chang, Ming-Wei  and
      Lee, Kenton  and
      Toutanova, Kristina",
    editor = "Burstein, Jill  and
      Doran, Christy  and
      Solorio, Thamar",
    booktitle = "Proceedings of the 2019 Conference of the North {A}merican Chapter of the Association for Computational Linguistics: Human Language Technologies, Volume 1 (Long and Short Papers)",
    month = jun,
    year = "2019",
    address = "Minneapolis, Minnesota",
    publisher = "Association for Computational Linguistics",
    doi = "10.18653/v1/N19-1423",
    pages = "4171-4186",
 }

@online{openai_gpt4o_mini,
  author    = {OpenAI},
  title     = {GPT-4o mini (Large Language Model)},
  year      = {2025},
  note      =  {\url{https://chat.openai.com/} Accessed: 2024-06-17}
}